
@article{casp2018,
  title={CASP qualitative checklist},
  author={CASP, CASP},
  journal={Critical Appraisal Skills Programme},
  year={2018}
}

@article{clopper1934,
  title={The use of confidence or fiducial limits illustrated in the case of the binomal},
  author={Copper, C and Pearson, E},
  journal={Biometrika},
  volume={26},
  pages={404--13},
  year={1934}
}

@article{cochran1954,
  title={Some methods for strengthening the common X2 tests},
  author={Cochran, WG},
  journal={Biometrics},
  volume={10},
  pages={417--451},
  year={1954}
}

@article{cox2019,
  title={A preliminary study of clinical trial enrollment decisions among people with mild cognitive impairment and their study partners},
  author={Cox, Chelsea G and Ryan, Mary M and Gillen, Daniel L and Grill, Joshua D},
  journal={The American Journal of Geriatric Psychiatry},
  volume={27},
  number={3},
  pages={322--332},
  year={2019},
  publisher={Elsevier}
}

@article{damron2021,
  title={Hispanic perspectives on Parkinson’s disease care and research participation},
  author={Damron, Lisa and Litvan, Irene and Bayram, Ece and Berk, Sarah and Siddiqi, Bernadette and Shill, Holly},
  journal={Journal of Alzheimer's Disease},
  volume={81},
  number={2},
  pages={809--819},
  year={2021},
  publisher={IOS Press}
}

@article{dasmahapatra2017,
  title={Clinical trials from the patient perspective: survey in an online patient community},
  author={DasMahapatra, Pronabesh and Raja, Priya and Gilbert, Jeremy and Wicks, Paul},
  journal={BMC Health Services Research},
  volume={17},
  pages={1--10},
  year={2017},
  publisher={Springer}
}

@article{higgins2002,
  title={Quantifying heterogeneity in a meta-analysis},
  author={Higgins, Julian PT and Thompson, Simon G},
  journal={Statistics in medicine},
  volume={21},
  number={11},
  pages={1539--1558},
  year={2002},
  publisher={Wiley Online Library}
}

@article{hou2019,
  title={Ageing as a risk factor for neurodegenerative disease},
  author={Hou, Yujun and Dan, Xiuli and Babbar, Mansi and Wei, Yong and Hasselbalch, Steen G and Croteau, Deborah L and Bohr, Vilhelm A},
  journal={Nature Reviews Neurology},
  volume={15},
  number={10},
  pages={565--581},
  year={2019},
  publisher={Nature Publishing Group UK London}
}

@Article{meta,    title = {How to perform a meta-analysis with {R}: a practical tutorial},    author = {Sara Balduzzi and Gerta Rücker and Guido Schwarzer},    journal = {Evidence-Based Mental Health},    year = {2019},    number = {22},    pages = {153--160},  }

@Manual{Rmanual,
title       = {R: A Language and Environment for Statistical Computing},
author      = {{R Core Team}},
organization = {R Foundation for Statistical Computing},
address     = {Vienna, Austria},
year        = {2021},
url         = {https://www.R-project.org/},
}

@book{schwarzer2015,
  title={Meta-analysis with R},
  author={Schwarzer, Guido and Carpenter, James R and R{\"u}cker, Gerta and others},
  volume={4784},
  year={2015},
  publisher={Springer}
}

@article{solomon2012,
  title={Practical lessons from amyloid immunotherapy trials in Alzheimer disease},
  author={Solomon, Alina and Akenine, Ulrika and Andreasen, Niels and Mangialasche, Francesca and Wimo, Anders and Jelic, Vesna and Kivipelto, Miia and Winblad, Bengt},
  journal={Current Alzheimer Research},
  volume={9},
  number={10},
  pages={1126--1134},
  year={2012},
  publisher={Bentham Science Publishers}
}

@article{stijnen2010,
  title={Random effects meta-analysis of event outcome in the framework of the generalized linear mixed model with applications in sparse data},
  author={Stijnen, Theo and Hamza, Taye H and {\"O}zdemir, Pinar},
  journal={Statistics in medicine},
  volume={29},
  number={29},
  pages={3046--3067},
  year={2010},
  publisher={Wiley Online Library}
}

@article{vandeschoot2021,
  title={An open source machine learning framework for efficient and transparent systematic reviews},
  author={Van De Schoot, Rens and De Bruin, Jonathan and Schram, Raoul and Zahedi, Parisa and De Boer, Jan and Weijdema, Felix and Kramer, Bianca and Huijts, Martijn and Hoogerwerf, Maarten and Ferdinands, Gerbrich and others},
  journal={Nature machine intelligence},
  volume={3},
  number={2},
  pages={125--133},
  year={2021},
  publisher={Nature Publishing Group UK London}
}

@article{zahra2020,
  title={The global economic impact of neurodegenerative diseases: Opportunities and challenges},
  author={Zahra, Walia and Rai, Sachchida Nand and Birla, Hareram and Singh, Saumitra Sen and Dilnashin, Hagera and Rathore, Aaina Singh and Singh, Surya Pratap},
  journal={Bioeconomy for sustainable development},
  pages={333--345},
  year={2020},
  publisher={Springer}
}
